{
  "stock": "TSLA",
  "quarters": [
    {
      "quarter": "2025-Q4",
      "revenue": 24901,
      "gross_profit": 5009,
      "net_income": 840,
      "operating_cash_flow": 3813,
      "capex": 2393,
      "total_equity": 82865,
      "total_debt": 14719,
      "cash_and_equivalents": 17616,
      "diluted_shares": 3539,
      "stock_price": 430.41,
      "roic": 5.59,
      "wacc": 10.12
    },
    {
      "quarter": "2025-Q3",
      "revenue": 28095,
      "gross_profit": 5054,
      "net_income": 1373,
      "operating_cash_flow": 6238,
      "capex": 2248,
      "total_equity": 80716,
      "total_debt": 13788,
      "cash_and_equivalents": 19584,
      "diluted_shares": 3526,
      "stock_price": 444.72,
      "roic": 6.57,
      "wacc": 15.07
    },
    {
      "quarter": "2025-Q2",
      "revenue": 22496,
      "gross_profit": 3878,
      "net_income": 1172,
      "operating_cash_flow": 2540,
      "capex": 2394,
      "total_equity": 78072,
      "total_debt": 13134,
      "cash_and_equivalents": 16735,
      "diluted_shares": 3519,
      "stock_price": 317.66,
      "roic": 3.64,
      "wacc": 14.61
    },
    {
      "quarter": "2025-Q1",
      "revenue": 19335,
      "gross_profit": 3153,
      "net_income": 409,
      "operating_cash_flow": 2156,
      "capex": 1492,
      "total_equity": 75418,
      "total_debt": 13128,
      "cash_and_equivalents": 17250,
      "diluted_shares": 3521,
      "stock_price": 258.16,
      "roic": 1.85,
      "wacc": 14.69
    },
    {
      "quarter": "2024-Q4",
      "revenue": 25707,
      "gross_profit": 4179,
      "net_income": 2314,
      "operating_cash_flow": 4814,
      "capex": 2780,
      "total_equity": 73680,
      "total_debt": 13623,
      "cash_and_equivalents": 17037,
      "diluted_shares": 3517,
      "stock_price": 403.84,
      "roic": 7.24,
      "wacc": 15.32
    },
    {
      "quarter": "2024-Q3",
      "revenue": 25182,
      "gross_profit": 4997,
      "net_income": 2173,
      "operating_cash_flow": 6255,
      "capex": 3513,
      "total_equity": 70710,
      "total_debt": 12783,
      "cash_and_equivalents": 18974,
      "diluted_shares": 3497,
      "stock_price": 261.63,
      "roic": 12.1,
      "wacc": 14.82
    },
    {
      "quarter": "2024-Q2",
      "revenue": 25500,
      "gross_profit": 4578,
      "net_income": 1400,
      "operating_cash_flow": 3612,
      "capex": 2272,
      "total_equity": 67191,
      "total_debt": 7696,
      "debt_assumption": "long_term_only",
      "cash_and_equivalents": 16139,
      "diluted_shares": 3481,
      "stock_price": 197.88,
      "roic": 1.82,
      "wacc": 15
    },
    {
      "quarter": "2024-Q1",
      "revenue": 21301,
      "gross_profit": 3696,
      "net_income": 1432,
      "operating_cash_flow": 242,
      "capex": 2777,
      "total_equity": 65107,
      "total_debt": 5360,
      "debt_assumption": "long_term_only",
      "cash_and_equivalents": 16863,
      "diluted_shares": 3484,
      "stock_price": 175.79,
      "roic": 7.24,
      "wacc": 15.3
    },
    {
      "quarter": "2023-Q4",
      "revenue": 25167,
      "gross_profit": 4438,
      "net_income": 7925,
      "operating_cash_flow": 4370,
      "capex": 2777,
      "total_equity": 63367,
      "total_debt": 5230,
      "debt_assumption": "long_term_only",
      "cash_and_equivalents": 248.48,
      "diluted_shares": 3485,
      "stock_price": 16398,
      "roic": 12.10,
      "wacc": 15
    }
  ]
}
